% Encoding: UTF-8


@Book{AbramowitzStegun1974,
  Title                    = {Handbook of Mathematical Functions, With Formulas, Graphs, and Mathematical Tables,},
  Author                   = {Abramowitz, M and Stegun, I.A.},
  Publisher                = {Dover},
  Year                     = {1974}
}

@InProceedings{afzali2013high,
  Title                    = {High angular resolution diffusion image registration},
  Author                   = {Afzali, Maryam and Fatemizadeh, Emad and Soltanian-Zadeh, Hamid},
  Booktitle                = {Machine Vision and Image Processing (MVIP), 2013 8th Iranian Conference on},
  Year                     = {2013},
  Organization             = {IEEE},
  Pages                    = {232--236}
}

@Article{alexander2000geometric,
  Title                    = {A geometric analysis of diffusion tensor measurements of the human brain},
  Author                   = {Alexander, Andrew L and Hasan, Khader and Kindlmann, Gordon and Parker, Dennis L and Tsuruda, Jay S},
  Journal                  = {Magnetic Resonance in Medicine},
  Year                     = {2000},
  Number                   = {2},
  Pages                    = {283--291},
  Volume                   = {44},

  Publisher                = {Wiley Online Library}
}

@Article{alexander2001spatial,
  Title                    = {Spatial transformations of diffusion tensor magnetic resonance images},
  Author                   = {Alexander, Daniel C and Pierpaoli, Carlo and Basser, Peter J and Gee, James C},
  Journal                  = {IEEE transactions on medical imaging},
  Year                     = {2001},
  Number                   = {11},
  Pages                    = {1131--1139},
  Volume                   = {20},

  Publisher                = {IEEE}
}

@Article{anderson2005measurement,
  Title                    = {Measurement of fiber orientation distributions using high angular resolution diffusion imaging},
  Author                   = {Anderson, Adam W},
  Journal                  = {Magnetic Resonance in Medicine},
  Year                     = {2005},
  Number                   = {5},
  Pages                    = {1194--1206},
  Volume                   = {54},

  Publisher                = {Wiley Online Library}
}

@InProceedings{arkesteijn2017longitudinal,
  Title                    = {Longitudinal analysis of diffusion-weighted MRI with a ball-and-sticks model},
  Author                   = {Arkesteijn, GAM and Poot, DHJ and Niestijl, M and Vernooij, MW and Niessen, WJ and van Vliet, LJ and Vos, FM},
  Booktitle                = {Biomedical Imaging (ISBI 2017), 2017 IEEE 14th International Symposium on},
  Year                     = {2017},
  Organization             = {IEEE},
  Pages                    = {783--786}
}

@Article{assaf2005composite,
  Title                    = {Composite hindered and restricted model of diffusion (CHARMED) MR imaging of the human brain},
  Author                   = {Assaf, Yaniv and Basser, Peter J},
  Journal                  = {Neuroimage},
  Year                     = {2005},
  Number                   = {1},
  Pages                    = {48--58},
  Volume                   = {27},

  Publisher                = {Elsevier}
}

@Article{assaf2008axcaliber,
  Title                    = {AxCaliber: a method for measuring axon diameter distribution from diffusion MRI},
  Author                   = {Assaf, Yaniv and Blumenfeld-Katzir, Tamar and Yovel, Yossi and Basser, Peter J},
  Journal                  = {Magnetic resonance in medicine},
  Year                     = {2008},
  Number                   = {6},
  Pages                    = {1347--1354},
  Volume                   = {59},

  Publisher                = {Wiley Online Library}
}

@Article{assaf2009inferring,
  Title                    = {Inferring microstructural information of white matter from diffusion MRI},
  Author                   = {Assaf, Yaniv and Cohen, Yoram},
  Journal                  = {Diffusion MRI: From Quantitative Measurement to In-vivo Neuroanatomy},
  Year                     = {2009},
  Volume                   = {127},

  Publisher                = {Elsevier/Academic Press, Amsterdam, Boston}
}

@Article{avants2008multivariate,
  Title                    = {Multivariate analysis of structural and diffusion imaging in traumatic brain injury},
  Author                   = {Avants, Brian and Duda, Jeffrey T and Kim, Junghoon and Zhang, Hui and Pluta, John and Gee, James C and Whyte, John},
  Journal                  = {Academic radiology},
  Year                     = {2008},
  Number                   = {11},
  Pages                    = {1360--1375},
  Volume                   = {15},

  Publisher                = {Elsevier}
}

@Article{avants2008symmetric,
  Title                    = {Symmetric diffeomorphic image registration with cross-correlation: evaluating automated labeling of elderly and neurodegenerative brain},
  Author                   = {Avants, Brian B and Epstein, Charles L and Grossman, Murray and Gee, James C},
  Journal                  = {Medical image analysis},
  Year                     = {2008},
  Number                   = {1},
  Pages                    = {26--41},
  Volume                   = {12},

  Publisher                = {Elsevier}
}

@Article{avants2009advanced,
  Title                    = {Advanced normalization tools (ANTS)},
  Author                   = {Avants, Brian B and Tustison, Nick and Song, Gang},
  Journal                  = {Insight j},
  Year                     = {2009},
  Pages                    = {1--35},
  Volume                   = {2}
}

@InCollection{barmpoutis2007registration,
  Title                    = {Registration of high angular resolution diffusion MRI images using 4 th order tensors},
  Author                   = {Barmpoutis, Angelos and Vemuri, Baba C and Forder, John R},
  Booktitle                = {Medical Image Computing and Computer-Assisted Intervention--MICCAI 2007},
  Publisher                = {Springer},
  Year                     = {2007},
  Pages                    = {908--915}
}

@Article{basser1994mr,
  Title                    = {MR diffusion tensor spectroscopy and imaging},
  Author                   = {Basser, Peter J and Mattiello, James and LeBihan, Denis},
  Journal                  = {Biophysical journal},
  Year                     = {1994},
  Number                   = {1},
  Pages                    = {259--267},
  Volume                   = {66},

  Publisher                = {Elsevier}
}

@Article{behrens2007probabilistic,
  Title                    = {Probabilistic diffusion tractography with multiple fibre orientations: What can we gain?},
  Author                   = {Behrens, Timothy EJ and Berg, H Johansen and Jbabdi, Saad and Rushworth, Matthew FS and Woolrich, Mark W},
  Journal                  = {Neuroimage},
  Year                     = {2007},
  Number                   = {1},
  Pages                    = {144--155},
  Volume                   = {34},

  Publisher                = {Elsevier}
}

@Article{behrens2003characterization,
  Title                    = {Characterization and propagation of uncertainty in diffusion-weighted MR imaging},
  Author                   = {Behrens, Timothy EJ and Woolrich, Mark W and Jenkinson, Mark and Johansen-Berg, Heidi and Nunes, Rita G and Clare, Stuart and Matthews, Paul M and Brady, J Michael and Smith, Stephen M},
  Journal                  = {Magnetic resonance in medicine},
  Year                     = {2003},
  Number                   = {5},
  Pages                    = {1077--1088},
  Volume                   = {50},

  Publisher                = {Wiley Online Library}
}

@Article{bhushan2012correct,
  Title                    = {Correcting Susceptibility-Induced Distortion in Diffusion-Weighted MRI using Constrained Nonrigid Registration},
  Author                   = {Bhushan, Chitresh and Haldar, Justin P and Joshi, Anand A and Leahy, Richard M},
  Journal                  = {Signal and Information Processing Association Annual Summit and Conference (APSIPA)},
  Year                     = {2012},

  Publisher                = {Asia-Pacific Signal and Information Processing Association Annual Summit and Conference}
}

@InProceedings{bijral2007mixture,
  Title                    = {Mixture of watson distributions: a generative model for hyperspherical embeddings},
  Author                   = {Bijral, Avleen S and Breitenbach, Markus and Grudic, Greg},
  Booktitle                = {Artificial Intelligence and Statistics},
  Year                     = {2007},
  Pages                    = {35--42}
}

@Article{bloy2012white,
  Title                    = {White matter atlas generation using HARDI based automated parcellation},
  Author                   = {Bloy, Luke and Ingalhalikar, Madhura and Eavani, Harini and Schultz, Robert T and Roberts, Timothy PL and Verma, Ragini},
  Journal                  = {NeuroImage},
  Year                     = {2012},
  Number                   = {4},
  Pages                    = {4055--4063},
  Volume                   = {59},

  Publisher                = {Elsevier}
}

@InProceedings{bloy2010demons,
  Title                    = {Demons registration of high angular resolution diffusion images},
  Author                   = {Bloy, Luke and Verma, Ragini},
  Booktitle                = {Biomedical Imaging: From Nano to Macro, 2010 IEEE International Symposium on},
  Year                     = {2010},
  Organization             = {IEEE},
  Pages                    = {1013--1016}
}

@InProceedings{bouma2007fast,
  Title                    = {Fast and accurate Gaussian derivatives based on B-splines},
  Author                   = {Bouma, Henri and Vilanova, Anna and Besc{\'o}s, Javier Oliv{\'a}n and ter Haar Romeny, Bart M and Gerritsen, Frans A},
  Booktitle                = {International Conference on Scale Space and Variational Methods in Computer Vision},
  Year                     = {2007},
  Organization             = {Springer},
  Pages                    = {406--417}
}

@Article{brown1992survey,
  Title                    = {A survey of image registration techniques},
  Author                   = {Brown, Lisa Gottesfeld},
  Journal                  = {ACM computing surveys (CSUR)},
  Year                     = {1992},
  Number                   = {4},
  Pages                    = {325--376},
  Volume                   = {24},

  Publisher                = {ACM}
}

@Article{budde2007toward,
  Title                    = {Toward accurate diagnosis of white matter pathology using diffusion tensor imaging},
  Author                   = {Budde, Matthew D and Kim, Joong Hee and Liang, Hsiao-Fang and Schmidt, Robert E and Russell, John H and Cross, Anne H and Song, Sheng-Kwei},
  Journal                  = {Magnetic resonance in medicine},
  Year                     = {2007},
  Number                   = {4},
  Pages                    = {688--695},
  Volume                   = {57},

  Publisher                = {Wiley Online Library}
}

@Book{paul1993principles,
  Title                    = {Principles of nuclear magnetic resonance microscopy},
  Author                   = {Paul T. Callaghan},
  Publisher                = {Oxford University Press on Demand},
  Year                     = {1993}
}

@Article{carr1954effects,
  Title                    = {Effects of diffusion on free precession in nuclear magnetic resonance experiments},
  Author                   = {Carr, Herman Y and Purcell, Edward M},
  Journal                  = {Physical review},
  Year                     = {1954},
  Number                   = {3},
  Pages                    = {630},
  Volume                   = {94},

  Publisher                = {APS}
}

@Article{chiang2008fluid,
  Title                    = {Fluid registration of diffusion tensor images using information theory},
  Author                   = {Chiang, Ming-Chang and Leow, Alex D and Klunder, Andrea D and Dutton, Rebecca A and Barysheva, Marina and Rose, Stephen E and McMahon, Katie L and De Zubicaray, Greig I and Toga, Arthur W and Thompson, Paul M},
  Journal                  = {IEEE transactions on medical imaging},
  Year                     = {2008},
  Number                   = {4},
  Pages                    = {442--456},
  Volume                   = {27},

  Publisher                = {IEEE}
}

@Article{colgan2016application,
  Title                    = {Application of neurite orientation dispersion and density imaging (NODDI) to a tau pathology model of Alzheimer's disease},
  Author                   = {Colgan, Niall and Siow, Bernard and O'Callaghan, James M and Harrison, Ian F and Wells, Jack A and Holmes, Holly E and Ismail, Ozama and Richardson, S and Alexander, Daniel C and Collins, Emily C and others},
  Journal                  = {NeuroImage},
  Year                     = {2016},
  Pages                    = {739--744},
  Volume                   = {125},

  Publisher                = {Elsevier}
}

@Article{collignon1995,
  Title                    = {Automated multi-modality image registration based on information theory},
  Author                   = {Collignon, A. and Maes, F. and Delaere, D. and
 Vandermeulen, D. and Suetens, P. and Marchal, G.},
  Journal                  = {Information Processing in Medical Imaging},
  Year                     = {1995},
  Pages                    = {263--274},

  Keywords                 = {classic, labmeeting, mutualinformation, registration},
  Posted-at                = {2007-02-14 17:52:38},
  Priority                 = {0}
}

@InProceedings{commowick2017ell,
  Title                    = {$\backslash$ell \_2 Similarity Metrics for Diffusion Multi-Compartment Model Images Registration},
  Author                   = {Commowick, Olivier and Hedouin, Renaud and Caruyer, Emmanuel and Barillot, Christian},
  Booktitle                = {International Conference on Medical Image Computing and Computer-Assisted Intervention},
  Year                     = {2017},
  Organization             = {Springer},
  Pages                    = {257--265}
}

@Article{darkner2011hyper,
  Title                    = {A hyper elasticity method for interactive virtual design of hearing aids},
  Author                   = {Darkner, S. and Erleben, K.},
  Journal                  = {The Visual Computer},
  Year                     = {2011},
  Pages                    = {1--9},

  Publisher                = {Springer}
}

@Article{darkner2013locally,
  Title                    = {Locally orderless registration},
  Author                   = {Darkner, Sune and Sporring, Jon},
  Journal                  = {IEEE transactions on pattern analysis and machine intelligence},
  Year                     = {2013},
  Number                   = {6},
  Pages                    = {1437--1450},
  Volume                   = {35},

  Publisher                = {IEEE}
}

@Article{darknersporring2012pami,
  Title                    = {{Locally Orderless Registration}},
  Author                   = {Sune Darkner and Jon Sporring},
  Journal                  = {IEEE Transactions on Pattern Analysis and Machine Intelligence},
  Year                     = {2013},
  Number                   = {6},
  Pages                    = {1437--1450},
  Volume                   = {35},

  Publisher                = {IEEE Computer Society}
}

@InProceedings{darknersporring2011ipmi,
  Title                    = {Generalized Partial Volume: An Inferior Density Estimator to Parzen Windows for Normalized Mutual Information},
  Author                   = {Darkner, Sune and Sporring, Jon},
  Booktitle                = {IPMI},
  Year                     = {2011},
  Pages                    = {436--447},
  Publisher                = {Springer},
  Series                   = {LNCS},
  Volume                   = {6801}
}

@Article{de2014diffusion,
  Title                    = {Why diffusion tensor MRI does well only some of the time: variance and covariance of white matter tissue microstructure attributes in the living human brain},
  Author                   = {De Santis, Silvia and Drakesmith, Mark and Bells, Sonya and Assaf, Yaniv and Jones, Derek K},
  Journal                  = {Neuroimage},
  Year                     = {2014},
  Pages                    = {35--44},
  Volume                   = {89},

  Publisher                = {Elsevier}
}

@Article{descoteaux2015high,
  Title                    = {High angular resolution diffusion imaging (HARDI)},
  Author                   = {Descoteaux, Maxime},
  Journal                  = {Wiley Encyclopedia of Electrical and Electronics Engineering},
  Year                     = {2015},

  Publisher                = {Wiley Online Library}
}

@PhdThesis{descoteaux2010high,
  Title                    = {High angular resolution diffusion MRI: from local estimation to segmentation and tractography},
  Author                   = {Descoteaux, Maxime},
  School                   = {Max Planck Institute, Germany},
  Year                     = {2010}
}

@PhdThesis{descoteaux2008high,
  Title                    = {High angular resolution diffusion MRI: from local estimation to segmentation and tractography},
  Author                   = {Descoteaux, Maxime},
  School                   = {Universit{\'e} Nice Sophia Antipolis},
  Year                     = {2008}
}

@Article{descoteaux2007regularized,
  Title                    = {Regularized, fast, and robust analytical Q-ball imaging},
  Author                   = {Descoteaux, Maxime and Angelino, Elaine and Fitzgibbons, Shaun and Deriche, Rachid},
  Journal                  = {Magnetic resonance in medicine},
  Year                     = {2007},
  Number                   = {3},
  Pages                    = {497--510},
  Volume                   = {58},

  Publisher                = {Wiley Online Library}
}

@Article{desikan2006automated,
  Title                    = {An automated labeling system for subdividing the human cerebral cortex on MRI scans into gyral based regions of interest},
  Author                   = {Desikan, Rahul S and S{\'e}gonne, Florent and Fischl, Bruce and Quinn, Brian T and Dickerson, Bradford C and Blacker, Deborah and Buckner, Randy L and Dale, Anders M and Maguire, R Paul and Hyman, Bradley T and others},
  Journal                  = {Neuroimage},
  Year                     = {2006},
  Number                   = {3},
  Pages                    = {968--980},
  Volume                   = {31},

  Publisher                = {Elsevier}
}

@Article{destrieux2010automatic,
  Title                    = {Automatic parcellation of human cortical gyri and sulci using standard anatomical nomenclature},
  Author                   = {Destrieux, Christophe and Fischl, Bruce and Dale, Anders and Halgren, Eric},
  Journal                  = {Neuroimage},
  Year                     = {2010},
  Number                   = {1},
  Pages                    = {1--15},
  Volume                   = {53},

  Publisher                = {Elsevier}
}

@InProceedings{dhollander2010spatial,
  Title                    = {Spatial transformations of high angular resolution diffusion imaging data in Q-space},
  Author                   = {Dhollander, Thijs and Van Hecke, Wim and Maes, Frederik and Sunaert, Stefan and Suetens, Paul},
  Booktitle                = {Online Proceedings at http://cmic. cs. ucl. ac. uk/cdmri10/},
  Year                     = {2010},
  Pages                    = {73--83}
}

@Article{du2013bayesian,
  Title                    = {Bayesian estimation of white matter atlas from high angular resolution diffusion imaging},
  Author                   = {Du, Jia and Goh, Alvina and Qiu, Anqi},
  Journal                  = {arXiv preprint arXiv:1310.3233},
  Year                     = {2013}
}

@Article{du2012diffeomorphic,
  Title                    = {Diffeomorphic metric mapping of high angular resolution diffusion imaging based on riemannian structure of orientation distribution functions},
  Author                   = {Du, Jia and Goh, Alvina and Qiu, Anqi},
  Journal                  = {IEEE Transactions on Medical Imaging},
  Year                     = {2012},
  Number                   = {5},
  Pages                    = {1021--1033},
  Volume                   = {31},

  Publisher                = {IEEE}
}

@Article{du2014diffeomorphic,
  Title                    = {Diffeomorphic metric mapping and probabilistic atlas generation of hybrid diffusion imaging based on BFOR signal basis},
  Author                   = {Du, Jia and Hosseinbor, A Pasha and Chung, Moo K and Bendlin, Barbara B and Suryawanshi, Gaurav and Alexander, Andrew L and Qiu, Anqi},
  Journal                  = {Medical image analysis},
  Year                     = {2014},
  Number                   = {7},
  Pages                    = {1002--1014},
  Volume                   = {18},

  Publisher                = {Elsevier}
}

@Article{duarte2013framework,
  Title                    = {A framework for linear and non-linear registration of diffusion-weighted MRIs using angular interpolation},
  Author                   = {Duarte-Carvajalino, Julio M and Sapiro, Guillermo and Harel, Noam and Lenglet, Christophe},
  Journal                  = {Frontiers in neuroscience},
  Year                     = {2013},
  Volume                   = {7},

  Publisher                = {Frontiers Media SA}
}

@Article{dubois2014correction,
  Title                    = {Correction strategy for diffusion-weighted images corrupted with motion: application to the DTI evaluation of infants' white matter},
  Author                   = {Dubois, Jessica and Kulikova, Sofya and Hertz-Pannier, Lucie and Mangin, Jean-Fran{\c{c}}ois and Dehaene-Lambertz, Ghislaine and Poupon, Cyril},
  Journal                  = {Magnetic resonance imaging},
  Year                     = {2014},
  Number                   = {8},
  Pages                    = {981--992},
  Volume                   = {32},

  Publisher                = {Elsevier}
}

@Article{einstein1905molekularkinetischen,
  Title                    = {{\"U}ber die von der molekularkinetischen Theorie der W{\"a}rme geforderte Bewegung von in ruhenden Fl{\"u}ssigkeiten suspendierten Teilchen},
  Author                   = {Einstein, Albert},
  Journal                  = {Annalen der physik},
  Year                     = {1905},
  Number                   = {8},
  Pages                    = {549--560},
  Volume                   = {322},

  Publisher                = {Wiley Online Library}
}

@Article{fackler2005notes,
  Title                    = {Notes on matrix calculus},
  Author                   = {Fackler, Paul L},
  Journal                  = {North Carolina State University},
  Year                     = {2005}
}

@Article{fan2016human,
  Title                    = {The human brainnetome atlas: a new brain atlas based on connectional architecture},
  Author                   = {Fan, Lingzhong and Li, Hai and Zhuo, Junjie and Zhang, Yu and Wang, Jiaojian and Chen, Liangfu and Yang, Zhengyi and Chu, Congying and Xie, Sangma and Laird, Angela R and others},
  Journal                  = {Cerebral Cortex},
  Year                     = {2016},
  Number                   = {8},
  Pages                    = {3508--3526},
  Volume                   = {26},

  Publisher                = {Oxford University Press}
}

@InCollection{farquharson2016high,
  Title                    = {High Angular Resolution Diffusion Imaging},
  Author                   = {Farquharson, Shawna and Tournier, Jacques-Donald},
  Booktitle                = {Diffusion Tensor Imaging},
  Publisher                = {Springer},
  Year                     = {2016},
  Pages                    = {383--406}
}

@Article{fischl2012freesurfer,
  Title                    = {FreeSurfer},
  Author                   = {Fischl, Bruce},
  Journal                  = {Neuroimage},
  Year                     = {2012},
  Number                   = {2},
  Pages                    = {774--781},
  Volume                   = {62},

  Publisher                = {Elsevier}
}

@Article{fischl2004automatically,
  Title                    = {Automatically parcellating the human cerebral cortex},
  Author                   = {Fischl, Bruce and Van Der Kouwe, Andr{\'e} and Destrieux, Christophe and Halgren, Eric and S{\'e}gonne, Florent and Salat, David H and Busa, Evelina and Seidman, Larry J and Goldstein, Jill and Kennedy, David and others},
  Journal                  = {Cerebral cortex},
  Year                     = {2004},
  Number                   = {1},
  Pages                    = {11--22},
  Volume                   = {14},

  Publisher                = {Oxford University Press}
}

@InProceedings{gan2011efficient,
  Title                    = {Efficient nonlinear DTI registration using DCT basis functions},
  Author                   = {Gan, Lin and Agam, Gady},
  Booktitle                = {Computer Vision and Pattern Recognition Workshops (CVPRW), 2011 IEEE Computer Society Conference on},
  Year                     = {2011},
  Organization             = {IEEE},
  Pages                    = {17--22}
}

@Article{garyfallidis2014dipy,
  Title                    = {Dipy, a library for the analysis of diffusion MRI data},
  Author                   = {Garyfallidis, Eleftherios and Brett, Matthew and Amirbekian, Bagrat and Rokem, Ariel and Van Der Walt, Stefan and Descoteaux, Maxime and Nimmo-Smith, Ian},
  Journal                  = {Frontiers in neuroinformatics},
  Year                     = {2014},
  Pages                    = {8},
  Volume                   = {8},

  Publisher                = {Frontiers}
}

@Article{garyfallidis2017recognition,
  Title                    = {Recognition of white matter bundles using local and global streamline-based registration and clustering},
  Author                   = {Garyfallidis, Eleftherios and C{\^o}t{\'e}, Marc-Alexandre and Rheault, Francois and Sidhu, Jasmeen and Hau, Janice and Petit, Laurent and Fortin, David and Cunanne, Stephen and Descoteaux, Maxime},
  Journal                  = {NeuroImage},
  Year                     = {2017},

  Publisher                = {Elsevier}
}

@Article{geng2011diffeomorphic,
  Title                    = {Diffeomorphic image registration of diffusion MRI using spherical harmonics},
  Author                   = {Geng, Xiujuan and Ross, Thomas J and Gu, Hong and Shin, Wanyong and Zhan, Wang and Chao, Yi-Ping and Lin, Ching-Po and Schuff, Norbert and Yang, Yihong},
  Journal                  = {IEEE transactions on medical imaging},
  Year                     = {2011},
  Number                   = {3},
  Pages                    = {747--758},
  Volume                   = {30},

  Publisher                = {IEEE}
}

@Article{glasser2016multi,
  Title                    = {A multi-modal parcellation of human cerebral cortex},
  Author                   = {Glasser, Matthew F and Coalson, Timothy S and Robinson, Emma C and Hacker, Carl D and Harwell, John and Yacoub, Essa and Ugurbil, Kamil and Andersson, Jesper and Beckmann, Christian F and Jenkinson, Mark and others},
  Journal                  = {Nature},
  Year                     = {2016},
  Number                   = {7615},
  Pages                    = {171--178},
  Volume                   = {536},

  Publisher                = {Nature Research}
}

@Article{golkov2016q,
  Title                    = {q-Space deep learning: twelve-fold shorter and model-free diffusion MRI scans},
  Author                   = {Golkov, Vladimir and Dosovitskiy, Alexey and Sperl, Jonathan I and Menzel, Marion I and Czisch, Michael and S{\"a}mann, Philipp and Brox, Thomas and Cremers, Daniel},
  Journal                  = {IEEE transactions on medical imaging},
  Year                     = {2016},
  Number                   = {5},
  Pages                    = {1344--1351},
  Volume                   = {35},

  Publisher                = {IEEE}
}

@Article{griffin1997scale,
  Title                    = {Scale-imprecision space},
  Author                   = {Griffin, Lewis D},
  Journal                  = {Image and Vision Computing},
  Year                     = {1997},
  Number                   = {5},
  Pages                    = {369--398},
  Volume                   = {15},

  Publisher                = {Elsevier}
}

@InProceedings{guimond2002deformable,
  Title                    = {Deformable registration of DT-MRI data based on transformation invariant tensor characteristics},
  Author                   = {Guimond, Alexandre and Guttmann, Charles RG and Warfield, Simon K and Westin, C-F},
  Booktitle                = {Biomedical Imaging, 2002. Proceedings. 2002 IEEE International Symposium on},
  Year                     = {2002},
  Organization             = {IEEE},
  Pages                    = {761--764}
}

@Article{harms2017robust,
  Title                    = {Robust and fast nonlinear optimization of diffusion MRI microstructure models},
  Author                   = {Harms, RL and Fritz, FJ and Tobisch, A and Goebel, R and Roebroeck, A},
  Journal                  = {NeuroImage},
  Year                     = {2017},
  Pages                    = {82--96},
  Volume                   = {155},

  Publisher                = {Elsevier}
}

@Article{hawkins2004problem,
  Title                    = {The problem of overfitting},
  Author                   = {Hawkins, Douglas M},
  Journal                  = {Journal of chemical information and computer sciences},
  Year                     = {2004},
  Number                   = {1},
  Pages                    = {1--12},
  Volume                   = {44},

  Publisher                = {ACS Publications}
}

@Article{helmholz1858,
  Title                    = {Uber Integrale der hydrodynamischen Gleichungen, welcher der Wirbelbewegungen entsprechen" (On integrals of the hydrodynamic equations which correspond to vortex motions)},
  Author                   = {Helmholtz, H},
  Journal                  = {Journal für die reine und angewandte Mathematik},
  Year                     = {1858},
  Number                   = {8},
  Pages                    = {25--55},
  Volume                   = {55},

  Publisher                = {Walter de Gruyte}
}

@Article{hermosillo2002variational,
  Title                    = {{Variational methods for multimodal image matching}},
  Author                   = {Hermosillo, G. and Chefd'Hotel, C. and Faugeras, O.},
  Journal                  = {International Journal of Computer Vision},
  Year                     = {2002},
  Number                   = {3},
  Pages                    = {329--343},
  Volume                   = {50},

  Publisher                = {Springer}
}

@Article{hong2009spatial,
  Title                    = {Spatial normalization of the fiber orientation distribution based on high angular resolution diffusion imaging data},
  Author                   = {Hong, Xin and Arlinghaus, Lori R and Anderson, Adam W},
  Journal                  = {Magnetic resonance in medicine},
  Year                     = {2009},
  Number                   = {6},
  Pages                    = {1520--1527},
  Volume                   = {61},

  Publisher                = {Wiley Online Library}
}

@Article{ingalhalikar2010dti,
  Title                    = {DTI-DROID: diffusion tensor imaging-deformable registration using orientation and intensity descriptors},
  Author                   = {Ingalhalikar, Madhura and Yang, Jinzhong and Davatzikos, Christos and Verma, Ragini},
  Journal                  = {International Journal of Imaging Systems and Technology},
  Year                     = {2010},
  Number                   = {2},
  Pages                    = {99--107},
  Volume                   = {20},

  Publisher                = {Wiley Online Library}
}

@Article{irfanoglu2016dr,
  Title                    = {DR-TAMAS: Diffeomorphic Registration for tensor accurate alignment of anatomical structures},
  Author                   = {Irfanoglu, M Okan and Nayak, Amritha and Jenkins, Jeffrey and Hutchinson, Elizabeth B and Sadeghi, Neda and Thomas, Cibu P and Pierpaoli, Carlo},
  Journal                  = {NeuroImage},
  Year                     = {2016},
  Pages                    = {439--454},
  Volume                   = {132},

  Publisher                = {Elsevier}
}

@Misc{threadpool,
  Title                    = {{ThreadPool.cpp}},

  Author                   = {Jakob, Progsch and Vclav, Zeman},
  HowPublished             = {\url{https://github.com/progschj/ThreadPool}},
  Note                     = {Accessed: 2017-07-31},
  Year                     = {2012}
}

@Article{jbabdi2012model,
  Title                    = {Model-based analysis of multishell diffusion MR data for tractography: How to get over fitting problems},
  Author                   = {Jbabdi, Saad and Sotiropoulos, Stamatios N and Savio, Alexander M and Gra{\~n}a, Manuel and Behrens, Timothy EJ},
  Journal                  = {Magnetic Resonance in Medicine},
  Year                     = {2012},
  Number                   = {6},
  Pages                    = {1846--1855},
  Volume                   = {68},

  Publisher                = {Wiley Online Library}
}

@Article{jenkinson2012fsl,
  Title                    = {Fsl},
  Author                   = {Jenkinson, Mark and Beckmann, Christian F and Behrens, Timothy EJ and Woolrich, Mark W and Smith, Stephen M},
  Journal                  = {Neuroimage},
  Year                     = {2012},
  Number                   = {2},
  Pages                    = {782--790},
  Volume                   = {62},

  Publisher                = {Elsevier}
}

@InProceedings{jensen2015locally,
  Title                    = {Locally orderless registration for diffusion weighted images},
  Author                   = {Jensen, Henrik G and Lauze, Francois and Nielsen, Mads and Darkner, Sune},
  Booktitle                = {International Conference on Medical Image Computing and Computer-Assisted Intervention},
  Year                     = {2015},
  Organization             = {Springer},
  Pages                    = {305--312}
}

@InProceedings{jensen2017density,
  Title                    = {Density-Based Non-Rigid Registration of Diffusion-Weighted Images},
  Author                   = {Jensen, Henrik Gr{\o}nholt and Lauze, Francois Bernard and Nielsen, Mads and Darkner, Sune},
  Booktitle                = {25th ISMRM Annual Meeting},
  Year                     = {2017}
}

@Book{johansen2013diffusion,
  Title                    = {Diffusion MRI: from quantitative measurement to in vivo neuroanatomy},
  Author                   = {Johansen-Berg, Heidi and Behrens, Timothy EJ},
  Publisher                = {Academic Press},
  Year                     = {2013}
}

@Article{jones2010challenges,
  Title                    = {Challenges and limitations of quantifying brain connectivity in vivo with diffusion MRI},
  Author                   = {Jones, Derek K},
  Journal                  = {Imaging in Medicine},
  Year                     = {2010},
  Number                   = {3},
  Pages                    = {341},
  Volume                   = {2},

  Publisher                = {Future Medicine Ltd}
}

@Article{jones2002spatial,
  Title                    = {Spatial normalization and averaging of diffusion tensor MRI data sets},
  Author                   = {Jones, Derek K and Griffin, Lewis D and Alexander, Daniel C and Catani, Marco and Horsfield, Mark A and Howard, Robert and Williams, Steve CR},
  Journal                  = {Neuroimage},
  Year                     = {2002},
  Number                   = {2},
  Pages                    = {592--617},
  Volume                   = {17},

  Publisher                = {Elsevier}
}

@Article{jupp1989unified,
  Title                    = {A unified view of the theory of directional statistics, 1975-1988},
  Author                   = {Jupp, PE and Mardia, KV},
  Journal                  = {International Statistical Review/Revue Internationale de Statistique},
  Year                     = {1989},
  Pages                    = {261--294},

  Publisher                = {JSTOR}
}

@Article{klein2009evaluation,
  Title                    = {Evaluation of 14 nonlinear deformation algorithms applied to human brain MRI registration},
  Author                   = {Klein, Arno and Andersson, Jesper and Ardekani, Babak A and Ashburner, John and Avants, Brian and Chiang, Ming-Chang and Christensen, Gary E and Collins, D Louis and Gee, James and Hellier, Pierre and others},
  Journal                  = {Neuroimage},
  Year                     = {2009},
  Number                   = {3},
  Pages                    = {786--802},
  Volume                   = {46},

  Publisher                = {Elsevier}
}

@Article{klein2010evaluation,
  Title                    = {Evaluation of volume-based and surface-based brain image registration methods},
  Author                   = {Klein, Arno and Ghosh, Satrajit S and Avants, Brian and Yeo, BT Thomas and Fischl, Bruce and Ardekani, Babak and Gee, James C and Mann, J John and Parsey, Ramin V},
  Journal                  = {Neuroimage},
  Year                     = {2010},
  Number                   = {1},
  Pages                    = {214--220},
  Volume                   = {51},

  Publisher                = {Elsevier}
}

@Article{klein2012101,
  Title                    = {101 labeled brain images and a consistent human cortical labeling protocol},
  Author                   = {Klein, Arno and Tourville, Jason},
  Journal                  = {Frontiers in neuroscience},
  Year                     = {2012},
  Volume                   = {6},

  Publisher                = {Frontiers Media SA}
}

@Article{klein2010elastix,
  Title                    = {Elastix: a toolbox for intensity-based medical image registration},
  Author                   = {Klein, Stefan and Staring, Marius and Murphy, Keelin and Viergever, Max A and Pluim, Josien PW},
  Journal                  = {IEEE transactions on medical imaging},
  Year                     = {2010},
  Number                   = {1},
  Pages                    = {196--205},
  Volume                   = {29},

  Publisher                = {IEEE}
}

@Article{koenderink1999structure,
  Title                    = {The structure of locally orderless images},
  Author                   = {Koenderink, Jan J and Van Doorn, Andrea J},
  Journal                  = {International Journal of Computer Vision},
  Year                     = {1999},
  Number                   = {2},
  Pages                    = {159--168},
  Volume                   = {31},

  Publisher                = {Springer}
}

@Article{le1986mr,
  Title                    = {MR imaging of intravoxel incoherent motions: application to diffusion and perfusion in neurologic disorders.},
  Author                   = {Le Bihan, Denis and Breton, Eric and Lallemand, Denis and Grenier, Philippe and Cabanis, Emmanuel and Laval-Jeantet, Maurice},
  Journal                  = {Radiology},
  Year                     = {1986},
  Number                   = {2},
  Pages                    = {401--407},
  Volume                   = {161}
}

@Article{lefranc2016groupwise,
  Title                    = {Groupwise connectivity-based parcellation of the whole human cortical surface using watershed-driven dimension reduction},
  Author                   = {Lefranc, Sandrine and Roca, Pauline and Perrot, Matthieu and Poupon, Cyril and Le Bihan, Denis and Mangin, Jean-Fran{\c{c}}ois and Rivi{\`e}re, Denis},
  Journal                  = {Medical image analysis},
  Year                     = {2016},
  Pages                    = {11--29},
  Volume                   = {30},

  Publisher                = {Elsevier}
}

@Article{li2017atpp,
  Title                    = {ATPP: A Pipeline for Automatic Tractography-Based Brain Parcellation},
  Author                   = {Li, Hai and Fan, Lingzhong and Zhuo, Junjie and Wang, Jiaojian and Zhang, Yu and Yang, Zhengyi and Jiang, Tianzi},
  Journal                  = {Frontiers in neuroinformatics},
  Year                     = {2017},
  Volume                   = {11},

  Publisher                = {Frontiers Media SA}
}

@InProceedings{maddah2006statistical,
  Title                    = {Statistical modeling and EM clustering of white matter fiber tracts},
  Author                   = {Maddah, Mahnaz and Crimson, WEL and Warfield, Simon K},
  Booktitle                = {Biomedical Imaging: Nano to Macro, 2006. 3rd IEEE International Symposium on},
  Year                     = {2006},
  Organization             = {IEEE},
  Pages                    = {53--56}
}

@Article{maes1997multimodality,
  Title                    = {Multimodality image registration by maximization of mutual information},
  Author                   = {Maes, Frederik and Collignon, Andre and Vandermeulen, Dirk and Marchal, Guy and Suetens, Paul},
  Journal                  = {IEEE transactions on Medical Imaging},
  Year                     = {1997},
  Number                   = {2},
  Pages                    = {187--198},
  Volume                   = {16},

  Publisher                = {IEEE}
}

@Misc{mangin2016spatial,
  Title                    = {Spatial normalization of brain images and beyond},

  Author                   = {Mangin, J-F and Lebenberg, Jessica and Lefranc, Sandrine and Labra, Nicole and Auzias, Guillaume and Labit, M and Guevara, M and Mohlberg, Hartmut and Roca, Pauline and Guevara, Pamela and others},
  Year                     = {2016},

  Publisher                = {Elsevier}
}

@Article{mattes2003pet,
  Title                    = {PET-CT image registration in the chest using free-form deformations},
  Author                   = {Mattes, David and Haynor, David R and Vesselle, Hubert and Lewellen, Thomas K and Eubank, William},
  Journal                  = {IEEE transactions on medical imaging},
  Year                     = {2003},
  Number                   = {1},
  Pages                    = {120--128},
  Volume                   = {22},

  Publisher                = {IEEE}
}

@InProceedings{mayer2007direct,
  Title                    = {Direct registration of white matter tractographies and application to atlas construction},
  Author                   = {Mayer, Arnaldo and Greenspan, Hayit},
  Booktitle                = {Workshop on Statistical Registration: Pair-wise and Group-wise Alignment and Atlas Formation},
  Year                     = {2007}
}

@Article{mori2008stereotaxic,
  Title                    = {Stereotaxic white matter atlas based on diffusion tensor imaging in an ICBM template},
  Author                   = {Mori, Susumu and Oishi, Kenichi and Jiang, Hangyi and Jiang, Li and Li, Xin and Akhter, Kazi and Hua, Kegang and Faria, Andreia V and Mahmood, Asif and Woods, Roger and others},
  Journal                  = {Neuroimage},
  Year                     = {2008},
  Number                   = {2},
  Pages                    = {570--582},
  Volume                   = {40},

  Publisher                = {Elsevier}
}

@Book{mori2005mri,
  Title                    = {MRI atlas of human white matter},
  Author                   = {Mori, Susumu and Wakana, Setsu and Van Zijl, Peter CM and Nagae-Poetscher, LM},
  Publisher                = {Elsevier},
  Year                     = {2005}
}

@Article{norton2017slicerdmri,
  Title                    = {SlicerDMRI: open source diffusion MRI software for brain cancer Research},
  Author                   = {Norton, Isaiah and Essayed, Walid Ibn and Zhang, Fan and Pujol, Sonia and Yarmarkovich, Alex and Golby, Alexandra J and Kindlmann, Gordon and Wasserman, Demian and Estepar, Raul San Jose and Rathi, Yogesh and others},
  Journal                  = {Cancer research},
  Year                     = {2017},
  Number                   = {21},
  Pages                    = {e101--e103},
  Volume                   = {77},

  Publisher                = {AACR}
}

@Article{o2017advances,
  Title                    = {Advances in computational and statistical diffusion MRI},
  Author                   = {O'Donnell, Lauren J and Daducci, Alessandro and Wassermann, Demian and Lenglet, Christophe},
  Journal                  = {NMR in Biomedicine},
  Year                     = {2017},

  Publisher                = {Wiley Online Library}
}

@Article{o2013fiber,
  Title                    = {Fiber clustering versus the parcellation-based connectome},
  Author                   = {O'donnell, Lauren J and Golby, Alexandra J and Westin, Carl-Fredrik},
  Journal                  = {NeuroImage},
  Year                     = {2013},
  Pages                    = {283--289},
  Volume                   = {80},

  Publisher                = {Elsevier}
}

@Article{o2015does,
  Title                    = {Does diffusion MRI tell us anything about the white matter? An overview of methods and pitfalls},
  Author                   = {O'Donnell, Lauren J and Pasternak, Ofer},
  Journal                  = {Schizophrenia research},
  Year                     = {2015},
  Number                   = {1},
  Pages                    = {133--141},
  Volume                   = {161},

  Publisher                = {Elsevier}
}

@Article{o2007automatic,
  Title                    = {Automatic tractography segmentation using a high-dimensional white matter atlas},
  Author                   = {O'Donnell, Lauren J and Westin, Carl-Fredrik},
  Journal                  = {IEEE transactions on medical imaging},
  Year                     = {2007},
  Number                   = {11},
  Pages                    = {1562--1575},
  Volume                   = {26},

  Publisher                = {IEEE}
}

@Article{o2009tract,
  Title                    = {Tract-based morphometry for white matter group analysis},
  Author                   = {O'Donnell, Lauren J and Westin, Carl-Fredrik and Golby, Alexandra J},
  Journal                  = {Neuroimage},
  Year                     = {2009},
  Number                   = {3},
  Pages                    = {832--844},
  Volume                   = {45},

  Publisher                = {Elsevier}
}

@Article{o2011introduction,
  Title                    = {An introduction to diffusion tensor image analysis},
  Author                   = {O’Donnell, Lauren J and Westin, Carl-Fredrik},
  Journal                  = {Neurosurgery clinics of North America},
  Year                     = {2011},
  Number                   = {2},
  Pages                    = {185--196},
  Volume                   = {22},

  Publisher                = {Elsevier}
}

@Article{Park2003,
  Title                    = {Spatial normalization of diffusion tensor MRI using multiple channels},
  Author                   = {Park, Hae-Jeong and Kubicki, Marek and Shenton, Martha E and Guimond, Alexandre and McCarley, Robert W and Maier, Stephan E and Kikinis, Ron and Jolesz, Ferenc A and Westin, Carl-Fredrik},
  Journal                  = {Neuroimage},
  Year                     = {2003},
  Number                   = {4},
  Pages                    = {1995--2009},
  Volume                   = {20},

  Publisher                = {Elsevier}
}

@Article{park2003spatial,
  Title                    = {Spatial normalization of diffusion tensor MRI using multiple channels},
  Author                   = {Park, Hae-Jeong and Kubicki, Marek and Shenton, Martha E and Guimond, Alexandre and McCarley, Robert W and Maier, Stephan E and Kikinis, Ron and Jolesz, Ferenc A and Westin, Carl-Fredrik},
  Journal                  = {Neuroimage},
  Year                     = {2003},
  Number                   = {4},
  Pages                    = {1995--2009},
  Volume                   = {20},

  Publisher                = {Elsevier}
}

@Article{parzen1962estimation,
  Title                    = {On estimation of a probability density function and mode},
  Author                   = {Parzen, Emanuel},
  Journal                  = {The annals of mathematical statistics},
  Year                     = {1962},
  Number                   = {3},
  Pages                    = {1065--1076},
  Volume                   = {33},

  Publisher                = {JSTOR}
}

@Article{passingham2002anatomical,
  Title                    = {The anatomical basis of functional localization in the cortex},
  Author                   = {Passingham, Richard E and Stephan, Klaas E and K{\"o}tter, Rolf},
  Journal                  = {Nature Reviews Neuroscience},
  Year                     = {2002},
  Number                   = {8},
  Pages                    = {606--616},
  Volume                   = {3},

  Publisher                = {Nature Publishing Group}
}

@Article{peter1996microstructural,
  Title                    = {Microstructural and physiological features of tissues elucidated by quantitative-diffusion-tensor MRI},
  Author                   = {Peter Basser, J and Pierpaoli, C},
  Journal                  = {J Magn Reson B},
  Year                     = {1996},
  Number                   = {3},
  Pages                    = {209--219},
  Volume                   = {111}
}

@InProceedings{pierpaoli2010tortoise,
  Title                    = {TORTOISE: an integrated software package for processing of diffusion MRI data},
  Author                   = {Pierpaoli, C and Walker, L and Irfanoglu, MO and Barnett, A and Basser, P and Chang, LC and Koay, C and Pajevic, S and Rohde, G and Sarlls, J and others},
  Booktitle                = {ISMRM 18th annual meeting, Stockholm, Sweden},
  Year                     = {2010},
  Pages                    = {1597}
}

@Article{raffelt2012reorientation,
  Title                    = {Reorientation of fiber orientation distributions using apodized point spread functions},
  Author                   = {Raffelt, David and Tournier, J-donald and Crozier, Stuart and Connelly, Alan and Salvado, Olivier and others},
  Journal                  = {Magnetic resonance in medicine},
  Year                     = {2012},
  Number                   = {3},
  Pages                    = {844--855},
  Volume                   = {67},

  Publisher                = {Wiley Online Library}
}

@Article{raffelt2011symmetric,
  Title                    = {Symmetric diffeomorphic registration of fibre orientation distributions},
  Author                   = {Raffelt, David and Tournier, J-Donald and Fripp, Jurgen and Crozier, Stuart and Connelly, Alan and Salvado, Olivier},
  Journal                  = {NeuroImage},
  Year                     = {2011},
  Number                   = {3},
  Pages                    = {1171--1180},
  Volume                   = {56},

  Publisher                = {Elsevier}
}

@Article{raffelt2009non,
  Title                    = {Non-linear spatial normalisation of high angular resolution diffusion imaging data using fiber orientation distributions},
  Author                   = {Raffelt, David and Tournier, J-Donald and Fripp, Jurgen and Crozier, Stuart and Connelly, Alan and Salvado, Olivier},
  Journal                  = {Diffusion Modelling and the Fibre Cup, MICCAI},
  Year                     = {2009}
}

@Article{rathi2009directional,
  Title                    = {Directional functions for orientation distribution estimation},
  Author                   = {Rathi, Yogesh and Michailovich, Oleg and Shenton, Martha E and Bouix, Sylvain},
  Journal                  = {Medical image analysis},
  Year                     = {2009},
  Number                   = {3},
  Pages                    = {432--444},
  Volume                   = {13},

  Publisher                = {Elsevier}
}

@Article{riyahi2014regularization,
  Title                    = {Regularization in deformable registration of biomedical images based on divergence and curl operators},
  Author                   = {Riyahi-Alam, S and Peroni, M and Baroni, G and Riboldi, M},
  Journal                  = {Methods of information in medicine},
  Year                     = {2014},
  Number                   = {01},
  Pages                    = {21--28},
  Volume                   = {53},

  Publisher                = {Schattauer GmbH}
}

@InProceedings{roche1999towards,
  Title                    = {Towards a better comprehension of similarity measures used in medical image registration},
  Author                   = {Roche, Alexis and Malandain, Gr{\'e}goire and Ayache, Nicholas and Prima, Sylvain},
  Booktitle                = {International Conference on Medical Image Computing and Computer-Assisted Intervention},
  Year                     = {1999},
  Organization             = {Springer},
  Pages                    = {555--566}
}

@InProceedings{rogelj2001similarity,
  Title                    = {Similarity measures for nonrigid registration},
  Author                   = {Rogelj, Peter and Kovacic, Stanislav},
  Booktitle                = {Medical Imaging 2001: Image Processing},
  Year                     = {2001},
  Organization             = {International Society for Optics and Photonics},
  Pages                    = {569--579},
  Volume                   = {4322}
}

@Article{rohde2004comprehensive,
  Title                    = {Comprehensive approach for correction of motion and distortion in diffusion-weighted MRI},
  Author                   = {Rohde, GK and Barnett, AS and Basser, PJ and Marenco, S and Pierpaoli, C},
  Journal                  = {Magnetic resonance in medicine},
  Year                     = {2004},
  Number                   = {1},
  Pages                    = {103--114},
  Volume                   = {51},

  Publisher                = {Wiley Online Library}
}

@InProceedings{rueckert2006diffeomorphic,
  Title                    = {Diffeomorphic registration using B-splines},
  Author                   = {Rueckert, Daniel and Aljabar, Paul and Heckemann, Rolf A and Hajnal, Joseph V and Hammers, Alexander},
  Booktitle                = {International Conference on Medical Image Computing and Computer-Assisted Intervention},
  Year                     = {2006},
  Organization             = {Springer},
  Pages                    = {702--709}
}

@Article{rueckert1999nonrigid,
  Title                    = {Nonrigid registration using free-form deformations: application to breast MR images},
  Author                   = {Rueckert, Daniel and Sonoda, Luke I and Hayes, Carmel and Hill, Derek LG and Leach, Martin O and Hawkes, David J},
  Journal                  = {IEEE transactions on medical imaging},
  Year                     = {1999},
  Number                   = {8},
  Pages                    = {712--721},
  Volume                   = {18},

  Publisher                = {IEEE}
}

@Article{rueckert1999nrf,
  Title                    = {Nonrigid registration using free-form deformations: application to breast {MR} images},
  Author                   = {Rueckert, D. and Sonoda, L. I. and Hayes, C. and Hill, D. L. G. and Leach, M. O. and Hawkes, D. J.},
  Journal                  = {IEEE Transactions on Medical Imaging},
  Year                     = {1999},
  Number                   = {8},
  Pages                    = {712-21},
  Volume                   = {18},

  Publisher                = {IEEE}
}

@InProceedings{scherrer2013characterizing,
  Title                    = {Characterizing the distribution of anisotropic micro-structural environments with diffusion-weighted imaging (DIAMOND)},
  Author                   = {Scherrer, Benoit and Schwartzman, Armin and Taquet, Maxime and Prabhu, Sanjay P and Sahin, Mustafa and Akhondi-Asl, Alireza and Warfield, Simon K},
  Booktitle                = {International Conference on Medical Image Computing and Computer-Assisted Intervention},
  Year                     = {2013},
  Organization             = {Springer},
  Pages                    = {518--526}
}

@Article{schlaug1997time,
  Title                    = {Time course of the apparent diffusion coefficient (ADC) abnormality in human stroke},
  Author                   = {Schlaug, G and Siewert, B and Benfield, A and Edelman, RR and Warach, S},
  Journal                  = {Neurology},
  Year                     = {1997},
  Number                   = {1},
  Pages                    = {113--119},
  Volume                   = {49},

  Publisher                = {AAN Enterprises}
}

@Article{schmidt2005minfunc,
  Title                    = {minFunc: unconstrained differentiable multivariate optimization in Matlab},
  Author                   = {Schmidt, Mark},
  Journal                  = {Software available at https://www.cs.ubc.ca/~schmidtm/Software/minFunc.html},
  Year                     = {2005}
}

@Article{schwarz2014improved,
  Title                    = {Improved DTI registration allows voxel-based analysis that outperforms tract-based spatial statistics},
  Author                   = {Schwarz, Christopher G and Reid, Robert I and Gunter, Jeffrey L and Senjem, Matthew L and Przybelski, Scott A and Zuk, Samantha M and Whitwell, Jennifer L and Vemuri, Prashanthi and Josephs, Keith A and Kantarci, Kejal and others},
  Journal                  = {Neuroimage},
  Year                     = {2014},
  Pages                    = {65--78},
  Volume                   = {94},

  Publisher                = {Elsevier}
}

@Article{semechko2012suite,
  Title                    = {Suite of functions to perform uniform sampling of a sphere},
  Author                   = {Semechko, A},
  Journal                  = {Software available at https://www.mathworks.com/matlabcentral/fileexchange/37004-suite-of-functions-to-perform-uniform-sampling-of-a-sphere, accessed 2017.},
  Year                     = {2012}
}

@Article{shen2002hammer,
  Title                    = {HAMMER: hierarchical attribute matching mechanism for elastic registration},
  Author                   = {Shen, Dinggang and Davatzikos, Christos},
  Journal                  = {IEEE transactions on medical imaging},
  Year                     = {2002},
  Number                   = {11},
  Pages                    = {1421--1439},
  Volume                   = {21},

  Publisher                = {IEEE}
}

@Article{smith2006tract,
  Title                    = {Tract-based spatial statistics: voxelwise analysis of multi-subject diffusion data},
  Author                   = {Smith, Stephen M and Jenkinson, Mark and Johansen-Berg, Heidi and Rueckert, Daniel and Nichols, Thomas E and Mackay, Clare E and Watkins, Kate E and Ciccarelli, Olga and Cader, M Zaheer and Matthews, Paul M and others},
  Journal                  = {Neuroimage},
  Year                     = {2006},
  Number                   = {4},
  Pages                    = {1487--1505},
  Volume                   = {31},

  Publisher                = {Elsevier}
}

@Article{smith2007acquisition,
  Title                    = {Acquisition and voxelwise analysis of multi-subject diffusion data with tract-based spatial statistics},
  Author                   = {Smith, Stephen M and Johansen-Berg, Heidi and Jenkinson, Mark and Rueckert, Daniel and Nichols, Thomas E and Miller, Karla L and Robson, Matthew D and Jones, Derek K and Klein, Johannes C and Bartsch, Andreas J and others},
  Journal                  = {Nature protocols},
  Year                     = {2007},
  Number                   = {3},
  Pages                    = {499},
  Volume                   = {2},

  Publisher                = {Nature Publishing Group}
}

@InCollection{smith2013cross,
  Title                    = {Cross-subject comparison of local diffusion MRI parameters},
  Author                   = {Smith, Stephen M and Kindlmanny, Gordon and Jbabdi, Saad},
  Booktitle                = {Diffusion MRI, Second ed.},
  Publisher                = {Academic Press, London},
  Year                     = {2013},
  Pages                    = {209--239}
}

@Article{soares2013hitchhiker,
  Title                    = {A hitchhiker's guide to diffusion tensor imaging},
  Author                   = {Soares, Jos{\'e} M and Marques, Paulo and Alves, Victor and Sousa, Nuno},
  Journal                  = {Frontiers in neuroscience},
  Year                     = {2013},
  Volume                   = {7},

  Publisher                = {Frontiers Media SA}
}

@Article{sommer2013higher,
  Title                    = {Higher-order momentum distributions and locally affine LDDMM registration},
  Author                   = {Sommer, Stefan and Nielsen, Mads and Darkner, Sune and Pennec, Xavier},
  Journal                  = {SIAM Journal on Imaging Sciences},
  Year                     = {2013},
  Number                   = {1},
  Pages                    = {341--367},
  Volume                   = {6},

  Publisher                = {SIAM}
}

@Article{sotiras2013deformable,
  Title                    = {Deformable medical image registration: A survey},
  Author                   = {Sotiras, Aristeidis and Davatzikos, Christos and Paragios, Nikos},
  Journal                  = {IEEE transactions on medical imaging},
  Year                     = {2013},
  Number                   = {7},
  Pages                    = {1153--1190},
  Volume                   = {32},

  Publisher                = {IEEE}
}

@Article{sporring2011jacobians,
  Title                    = {Jacobians for lebesgue registration for a range of similarity measures},
  Author                   = {Sporring, Jon and Darkner, Sune},
  Journal                  = {Department of Computer Science, University of Copenhagen, Tech. Rep},
  Year                     = {2011},
  Volume                   = {4}
}

@TechReport{sporringdarkner11c,
  Title                    = {Jacobians for Lebesgue Registration for a Range of Similarity Measures},
  Author                   = {J. Sporring and S. Darkner},
  Institution              = {Department of Computer Science, University ofCopenhagen},
  Year                     = {2011},
  Number                   = {4}
}

@Article{stejskal420,
  Title                    = {Spin diffusion measurements: Spin-echoes in the presence of a time-dependent field gradient},
  Author                   = {Stejskal, E and Tanner, J},
  Journal                  = {The journal of chemical physics},
  Year                     = {1965},
  Pages                    = {288},
  Volume                   = {42}
}

@Article{studholme1999overlap,
  Title                    = {An overlap invariant entropy measure of 3D medical image alignment},
  Author                   = {Studholme, Colin and Hill, Derek LG and Hawkes, David J},
  Journal                  = {Pattern recognition},
  Year                     = {1999},
  Number                   = {1},
  Pages                    = {71--86},
  Volume                   = {32},

  Publisher                = {Elsevier}
}

@InProceedings{sweet2010log,
  Title                    = {Log-domain diffeomorphic registration of diffusion tensor images},
  Author                   = {Sweet, Andrew and Pennec, Xavier},
  Booktitle                = {International Workshop on Biomedical Image Registration},
  Year                     = {2010},
  Organization             = {Springer},
  Pages                    = {198--209}
}

@InCollection{tao2006method,
  Title                    = {A method for registering diffusion weighted magnetic resonance images},
  Author                   = {Tao, Xiaodong and Miller, James V},
  Booktitle                = {Medical Image Computing and Computer-Assisted Intervention--MICCAI 2006},
  Publisher                = {Springer},
  Year                     = {2006},
  Pages                    = {594--602}
}

@InProceedings{taquet2012registration,
  Title                    = {Registration and analysis of white matter group differences with a multi-fiber model},
  Author                   = {Taquet, Maxime and Scherrer, Benoit and Commowick, Olivier and Peters, Jurriaan and Sahin, Mustafa and Macq, Beno{\^\i}t and Warfield, Simon K},
  Booktitle                = {International Conference on Medical Image Computing and Computer-Assisted Intervention},
  Year                     = {2012},
  Organization             = {Springer},
  Pages                    = {313--320}
}

@Article{taquet2014mathematical,
  Title                    = {A mathematical framework for the registration and analysis of multi-fascicle models for population studies of the brain microstructure},
  Author                   = {Taquet, Maxime and Scherrer, Benoit and Commowick, Olivier and Peters, Jurriaan M and Sahin, Mustafa and Macq, Benoit and Warfield, Simon K},
  Journal                  = {IEEE transactions on medical imaging},
  Year                     = {2014},
  Number                   = {2},
  Pages                    = {504--517},
  Volume                   = {33},

  Publisher                = {IEEE}
}

@InProceedings{thevenaz1998efficient,
  Title                    = {An efficient mutual information optimizer for multiresolution image registration},
  Author                   = {Th{\'e}venaz, Philippe and Unser, Michael},
  Booktitle                = {Image Processing, 1998. ICIP 98. Proceedings. 1998 International Conference on},
  Year                     = {1998},
  Organization             = {IEEE},
  Pages                    = {833--837},
  Volume                   = {1}
}

@Article{thevenaz1997spline,
  Title                    = {Spline pyramids for inter-modal image registration using mutual information},
  Author                   = {Thevenaz, Philippe and Unser, Michael},
  Journal                  = {Proceedings of SPIE: Wavelet Applications in Signal and Image Processing, San Diego, CA},
  Year                     = {1997},
  Pages                    = {236--247}
}

@Article{thirion1998image,
  Title                    = {Image matching as a diffusion process: an analogy with Maxwell's demons},
  Author                   = {Thirion, J-P},
  Journal                  = {Medical image analysis},
  Year                     = {1998},
  Number                   = {3},
  Pages                    = {243--260},
  Volume                   = {2},

  Publisher                = {Elsevier}
}

@Article{tournier2012mrtrix,
  Title                    = {MRtrix: diffusion tractography in crossing fiber regions},
  Author                   = {Tournier, J and Calamante, Fernando and Connelly, Alan and others},
  Journal                  = {International Journal of Imaging Systems and Technology},
  Year                     = {2012},
  Number                   = {1},
  Pages                    = {53--66},
  Volume                   = {22},

  Publisher                = {Wiley Online Library}
}

@Article{tournier2007robust,
  Title                    = {Robust determination of the fibre orientation distribution in diffusion MRI: non-negativity constrained super-resolved spherical deconvolution},
  Author                   = {Tournier, J-Donald and Calamante, Fernando and Connelly, Alan},
  Journal                  = {Neuroimage},
  Year                     = {2007},
  Number                   = {4},
  Pages                    = {1459--1472},
  Volume                   = {35},

  Publisher                = {Elsevier}
}

@Article{tournier2004direct,
  Title                    = {Direct estimation of the fiber orientation density function from diffusion-weighted MRI data using spherical deconvolution},
  Author                   = {Tournier, J-Donald and Calamante, Fernando and Gadian, David G and Connelly, Alan},
  Journal                  = {NeuroImage},
  Year                     = {2004},
  Number                   = {3},
  Pages                    = {1176--1185},
  Volume                   = {23},

  Publisher                = {Elsevier}
}

@Article{trebeschi2017deep,
  Title                    = {Deep Learning for Fully-Automated Localization and Segmentation of Rectal Cancer on Multiparametric MR},
  Author                   = {Trebeschi, Stefano and van Griethuysen, Joost JM and Lambregts, Doenja MJ and Lahaye, Max J and Parmer, Chintan and Bakers, Frans CH and Peters, Nicky HGM and Beets-Tan, Regina GH and Aerts, Hugo JWL},
  Journal                  = {Scientific Reports},
  Year                     = {2017},
  Volume                   = {7},

  Publisher                = {Nature Publishing Group}
}

@Article{treiber2016characterization,
  Title                    = {Characterization and correction of geometric distortions in 814 diffusion weighted images},
  Author                   = {Treiber, Jeffrey Mark and White, Nathan S and Steed, Tyler Christian and Bartsch, Hauke and Holland, Dominic and Farid, Nikdokht and McDonald, Carrie R and Carter, Bob S and Dale, Anders Martin and Chen, Clark C},
  Journal                  = {PloS one},
  Year                     = {2016},
  Number                   = {3},
  Pages                    = {e0152472},
  Volume                   = {11},

  Publisher                = {Public Library of Science}
}

@Article{tuch2004q,
  Title                    = {Q-ball imaging},
  Author                   = {Tuch, David S},
  Journal                  = {Magnetic resonance in medicine},
  Year                     = {2004},
  Number                   = {6},
  Pages                    = {1358--1372},
  Volume                   = {52},

  Publisher                = {Wiley Online Library}
}

@PhdThesis{tuch2002diffusion,
  Title                    = {Diffusion MRI of complex tissue structure},
  Author                   = {Tuch, David Solomon and others},
  School                   = {Massachusetts Institute of Technology},
  Year                     = {2002}
}

@InProceedings{tuch1999high,
  Title                    = {High angular resolution diffusion imaging of the human brain},
  Author                   = {Tuch, David S and Weisskoff, RM and Belliveau, JW and Wedeen, VJ},
  Booktitle                = {Proceedings of the 7th Annual Meeting of ISMRM, Philadelphia},
  Year                     = {1999},
  Volume                   = {321}
}

@Article{van2013wu,
  Title                    = {The WU-Minn human connectome project: an overview},
  Author                   = {Van Essen, David C and Smith, Stephen M and Barch, Deanna M and Behrens, Timothy EJ and Yacoub, Essa and Ugurbil, Kamil and Wu-Minn HCP Consortium and others},
  Journal                  = {Neuroimage},
  Year                     = {2013},
  Pages                    = {62--79},
  Volume                   = {80},

  Publisher                = {Elsevier}
}

@Article{van2007nonrigid,
  Title                    = {Nonrigid coregistration of diffusion tensor images using a viscous fluid model and mutual information},
  Author                   = {Van Hecke, Wim and Leemans, Alexander and D'Agostino, Emiliano and De Backer, Steve and Vandervliet, Evert and Parizel, Paul M and Sijbers, Jan},
  Journal                  = {IEEE transactions on medical imaging},
  Year                     = {2007},
  Number                   = {11},
  Pages                    = {1598--1612},
  Volume                   = {26},

  Publisher                = {IEEE}
}

@Article{varentsova2014development,
  Title                    = {Development of a high angular resolution diffusion imaging human brain template},
  Author                   = {Varentsova, Anna and Zhang, Shengwei and Arfanakis, Konstantinos},
  Journal                  = {NeuroImage},
  Year                     = {2014},
  Pages                    = {177--186},
  Volume                   = {91},

  Publisher                = {Elsevier}
}

@Article{vercauteren2009diffeomorphic,
  Title                    = {Diffeomorphic demons: Efficient non-parametric image registration},
  Author                   = {Vercauteren, Tom and Pennec, Xavier and Perchant, Aymeric and Ayache, Nicholas},
  Journal                  = {NeuroImage},
  Year                     = {2009},
  Number                   = {1},
  Pages                    = {S61--S72},
  Volume                   = {45},

  Publisher                = {Elsevier}
}

@Article{viola1997alignment,
  Title                    = {Alignment by maximization of mutual information},
  Author                   = {Viola, Paul and Wells III, William M},
  Journal                  = {International journal of computer vision},
  Year                     = {1997},
  Number                   = {2},
  Pages                    = {137--154},
  Volume                   = {24},

  Publisher                = {Springer}
}

@Article{wang2013application,
  Title                    = {Application of neuroanatomical features to tractography clustering},
  Author                   = {Wang, Qian and Yap, Pew-Thian and Wu, Guorong and Shen, Dinggang},
  Journal                  = {Human brain mapping},
  Year                     = {2013},
  Number                   = {9},
  Pages                    = {2089--2102},
  Volume                   = {34},

  Publisher                = {Wiley Online Library}
}

@Article{wang2011diffusion,
  Title                    = {Diffusion tensor image registration with combined tract and tensor features},
  Author                   = {Wang, Qian and Yap, Pew-Thian and Wu, Guorong and Shen, Dinggang},
  Journal                  = {Medical Image Computing and Computer-Assisted Intervention--MICCAI 2011},
  Year                     = {2011},
  Pages                    = {200--208},

  Publisher                = {Springer}
}

@Article{wang2011dti,
  Title                    = {DTI registration in atlas based fiber analysis of infantile Krabbe disease},
  Author                   = {Wang, Yi and Gupta, Aditya and Liu, Zhexing and Zhang, Hui and Escolar, Maria L and Gilmore, John H and Gouttard, Sylvain and Fillard, Pierre and Maltbie, Eric and Gerig, Guido and others},
  Journal                  = {Neuroimage},
  Year                     = {2011},
  Number                   = {4},
  Pages                    = {1577--1586},
  Volume                   = {55},

  Publisher                = {Elsevier}
}

@Article{wang2017evaluations,
  Title                    = {Evaluations of diffusion tensor image registration based on fiber tractography},
  Author                   = {Wang, Yi and Shen, Yu and Liu, Dongyang and Li, Guoqin and Guo, Zhe and Fan, Yangyu and Niu, Yilong},
  Journal                  = {Biomedical engineering online},
  Year                     = {2017},
  Number                   = {1},
  Pages                    = {9},
  Volume                   = {16},

  Publisher                = {BioMed Central}
}

@Article{wang2016evaluation,
  Title                    = {Evaluation on diffusion tensor image registration algorithms},
  Author                   = {Wang, Yi and Yu, Qian and Liu, Zhexing and Lei, Tao and Guo, Zhe and Qi, Min and Fan, Yangyu},
  Journal                  = {Multimedia Tools and Applications},
  Year                     = {2016},
  Number                   = {13},
  Pages                    = {8105--8122},
  Volume                   = {75},

  Publisher                = {Springer}
}

@Article{wells1996mmv,
  Title                    = {{Multi-modal volume registration by maximization of mutual information}},
  Author                   = {Wells, W.M. and Viola, P. and Atsumi, H. and Nakajima, S. and Kikinis, R.},
  Journal                  = {Medical Image Analysis},
  Year                     = {1996},
  Number                   = {1},
  Pages                    = {35--51},
  Volume                   = {1},

  Publisher                = {Elsevier}
}

@Article{xu2003spatial,
  Title                    = {Spatial normalization of diffusion tensor fields},
  Author                   = {Xu, Dongrong and Mori, Susumu and Shen, Dinggang and van Zijl, Peter and Davatzikos, Christos},
  Journal                  = {Magnetic resonance in medicine},
  Year                     = {2003},
  Number                   = {1},
  Pages                    = {175--182},
  Volume                   = {50},

  Publisher                = {Wiley Online Library}
}

@Article{yablonskiy2010theoretical,
  Title                    = {Theoretical models of the diffusion weighted MR signal},
  Author                   = {Yablonskiy, Dmitriy A and Sukstanskii, Alexander L},
  Journal                  = {NMR in Biomedicine},
  Year                     = {2010},
  Number                   = {7},
  Pages                    = {661--681},
  Volume                   = {23},

  Publisher                = {Wiley Online Library}
}

@InProceedings{yap2010non,
  Title                    = {Non-parametric deformable registration of high angular resolution diffusion data using diffusion profile statistics},
  Author                   = {Yap, PT and Chen, Y and An, H and Gilmore, JH and Lin, W and Shen, D},
  Booktitle                = {ISMRM},
  Year                     = {2010},
  Pages                    = {3968},
  Volume                   = {18}
}

@Article{yap2011sphere,
  Title                    = {SPHERE: Spherical harmonic elastic registration of HARDI data},
  Author                   = {Yap, Pew-Thian and Chen, Yasheng and An, Hongyu and Yang, Yang and Gilmore, John H and Lin, Weili and Shen, Dinggang},
  Journal                  = {NeuroImage},
  Year                     = {2011},
  Number                   = {2},
  Pages                    = {545--556},
  Volume                   = {55},

  Publisher                = {Elsevier}
}

@Article{yap2012spatial,
  Title                    = {Spatial transformation of DWI data using non-negative sparse representation},
  Author                   = {Yap, Pew-Thian and Shen, Dinggang},
  Journal                  = {IEEE transactions on medical imaging},
  Year                     = {2012},
  Number                   = {11},
  Pages                    = {2035--2049},
  Volume                   = {31},

  Publisher                = {IEEE}
}

@Article{yap2010f,
  Title                    = {F-TIMER: fast tensor image morphing for elastic registration},
  Author                   = {Yap, Pew-Thian and Wu, Guorong and Zhu, Hongtu and Lin, Weili and Shen, Dinggang},
  Journal                  = {IEEE transactions on medical imaging},
  Year                     = {2010},
  Number                   = {5},
  Pages                    = {1192--1203},
  Volume                   = {29},

  Publisher                = {IEEE}
}

@Article{yendiki2011automated,
  Title                    = {Automated probabilistic reconstruction of white-matter pathways in health and disease using an atlas of the underlying anatomy},
  Author                   = {Yendiki, Anastasia and Panneck, Patricia and Srinivasan, Priti and Stevens, Allison and Z{\"o}llei, Lilla and Augustinack, Jean and Wang, Ruopeng and Salat, David and Ehrlich, Stefan and Behrens, Tim and others},
  Journal                  = {Frontiers in neuroinformatics},
  Year                     = {2011},
  Volume                   = {5},

  Publisher                = {Frontiers Media SA}
}

@InProceedings{Yeo2008,
  Title                    = {DTI registration with exact finite-strain differential},
  Author                   = {Yeo, BT Thomas and Vercauteren, Tom and Fillard, Pierre and Pennec, Xavier and Golland, Polina and Ayache, Nicholas and Clatz, Olivier},
  Booktitle                = {Biomedical Imaging: From Nano to Macro, 2008. ISBI 2008. 5th IEEE International Symposium on},
  Year                     = {2008},
  Organization             = {IEEE},
  Pages                    = {700--703}
}

@InProceedings{yeo2008dti,
  Title                    = {DTI registration with exact finite-strain differential},
  Author                   = {Yeo, BT Thomas and Vercauteren, Tom and Fillard, Pierre and Pennec, Xavier and Golland, Polina and Ayache, Nicholas and Clatz, Olivier},
  Booktitle                = {Biomedical Imaging: From Nano to Macro, 2008. ISBI 2008. 5th IEEE International Symposium on},
  Year                     = {2008},
  Organization             = {IEEE},
  Pages                    = {700--703}
}

@Article{yeo2009dt,
  Title                    = {DT-REFinD: Diffusion tensor registration with exact finite-strain differential},
  Author                   = {Yeo, BT Thomas and Vercauteren, Tom and Fillard, Pierre and Peyrat, Jean-Marc and Pennec, Xavier and Golland, Polina and Ayache, Nicholas and Clatz, Olivier},
  Journal                  = {IEEE transactions on medical imaging},
  Year                     = {2009},
  Number                   = {12},
  Pages                    = {1914--1928},
  Volume                   = {28},

  Publisher                = {IEEE}
}

@Article{yoo2015example,
  Title                    = {An example-based multi-atlas approach to automatic labeling of white matter tracts},
  Author                   = {Yoo, Sang Wook and Guevara, Pamela and Jeong, Yong and Yoo, Kwangsun and Shin, Joseph S and Mangin, Jean-Francois and Seong, Joon-Kyung},
  Journal                  = {PloS one},
  Year                     = {2015},
  Number                   = {7},
  Pages                    = {e0133337},
  Volume                   = {10},

  Publisher                = {Public Library of Science}
}

@Article{zalesky2011moderating,
  Title                    = {Moderating registration misalignment in voxelwise comparisons of DTI data: a performance evaluation of skeleton projection},
  Author                   = {Zalesky, Andrew},
  Journal                  = {Magnetic resonance imaging},
  Year                     = {2011},
  Number                   = {1},
  Pages                    = {111--125},
  Volume                   = {29},

  Publisher                = {Elsevier}
}

@Article{zhan2010does,
  Title                    = {How does angular resolution affect diffusion imaging measures?},
  Author                   = {Zhan, Liang and Leow, Alex D and Jahanshad, Neda and Chiang, Ming-Chang and Barysheva, Marina and Lee, Agatha D and Toga, Arthur W and McMahon, Katie L and De Zubicaray, Greig I and Wright, Margaret J and others},
  Journal                  = {Neuroimage},
  Year                     = {2010},
  Number                   = {2},
  Pages                    = {1357--1371},
  Volume                   = {49},

  Publisher                = {Elsevier}
}

@Article{zhang2007high,
  Title                    = {High-dimensional spatial normalization of diffusion tensor images improves the detection of white matter differences: an example study using amyotrophic lateral sclerosis},
  Author                   = {Zhang, Hui and Avants, Brian B and Yushkevich, Paul A and Woo, John H and Wang, Sumei and McCluskey, Leo F and Elman, Lauren B and Melhem, Elias R and Gee, James C},
  Journal                  = {IEEE transactions on medical imaging},
  Year                     = {2007},
  Number                   = {11},
  Pages                    = {1585--1597},
  Volume                   = {26},

  Publisher                = {IEEE}
}

@Article{zhang2012noddi,
  Title                    = {NODDI: practical in vivo neurite orientation dispersion and density imaging of the human brain},
  Author                   = {Zhang, Hui and Schneider, Torben and Wheeler-Kingshott, Claudia A and Alexander, Daniel C},
  Journal                  = {Neuroimage},
  Year                     = {2012},
  Number                   = {4},
  Pages                    = {1000--1016},
  Volume                   = {61},

  Publisher                = {Elsevier}
}

@Article{zhang2006deformable,
  Title                    = {Deformable registration of diffusion tensor MR images with explicit orientation optimization},
  Author                   = {Zhang, Hui and Yushkevich, Paul A and Alexander, Daniel C and Gee, James C},
  Journal                  = {Medical image analysis},
  Year                     = {2006},
  Number                   = {5},
  Pages                    = {764--785},
  Volume                   = {10},

  Publisher                = {Elsevier}
}

@InProceedings{zhang2004registration,
  Title                    = {Registration of diffusion tensor images},
  Author                   = {Zhang, Hui and Yushkevich, Paul A and Gee, James C},
  Booktitle                = {Computer Vision and Pattern Recognition, 2004. CVPR 2004. Proceedings of the 2004 IEEE Computer Society Conference on},
  Year                     = {2004},
  Organization             = {IEEE},
  Pages                    = {I--I},
  Volume                   = {1}
}

@Article{zhang2014large,
  Title                    = {Large deformation diffeomorphic registration of diffusion-weighted imaging data},
  Author                   = {Zhang, Pei and Niethammer, Marc and Shen, Dinggang and Yap, Pew-Thian},
  Journal                  = {Medical image analysis},
  Year                     = {2014},
  Number                   = {8},
  Pages                    = {1290--1298},
  Volume                   = {18},

  Publisher                = {Elsevier}
}

@InProceedings{zhang2013large,
  Title                    = {Large deformation diffeomorphic registration of diffusion-weighted images with explicit orientation optimization},
  Author                   = {Zhang, Pei and Niethammer, Marc and Shen, Dinggang and Yap, Pew-Thian},
  Booktitle                = {International Conference on Medical Image Computing and Computer-Assisted Intervention},
  Year                     = {2013},
  Organization             = {Springer},
  Pages                    = {27--34}
}

@Article{zhang2013role,
  Title                    = {Role of standardized and study-specific human brain diffusion tensor templates in inter-subject spatial normalization},
  Author                   = {Zhang, Shengwei and Arfanakis, Konstantinos},
  Journal                  = {Journal of Magnetic Resonance Imaging},
  Year                     = {2013},
  Number                   = {2},
  Pages                    = {372--381},
  Volume                   = {37},

  Publisher                = {Wiley Online Library}
}

@Article{zhang2015deep,
  Title                    = {Deep convolutional neural networks for multi-modality isointense infant brain image segmentation},
  Author                   = {Zhang, Wenlu and Li, Rongjian and Deng, Houtao and Wang, Li and Lin, Weili and Ji, Shuiwang and Shen, Dinggang},
  Journal                  = {NeuroImage},
  Year                     = {2015},
  Pages                    = {214--224},
  Volume                   = {108},

  Publisher                = {Elsevier}
}

@Article{zucchelli2017noddi,
  Title                    = {NODDI-SH: a computational efficient NODDI extension for fODF estimation in diffusion MRI},
  Author                   = {Zucchelli, Mauro and Descoteaux, Maxime and Menegaz, Gloria},
  Journal                  = {arXiv preprint arXiv:1708.08999},
  Year                     = {2017}
}

@Article{bertsekas:2011,
  author  = {D. Bertsekas},
  title   = {Incremental Proximal Methods for Large Scale Convex Optimization.},
  journal = {Mathematical Programming, Ser. B.},
  year    = {2011},
  volume  = {129},
  pages   = {163--195},
}

@Book{buzug:2008,
  title     = {{Computed Tomography: from Photon Statistics to Modern Cone Beam CT}},
  publisher = {Springer},
  year      = {2008},
  author    = {T. N. Buzug},
}

@Article{chambolle:2012,
  author  = {Antonin Chambolle and Daniel Cremers and Thomas Pock},
  title   = {A Convex Approach to Minimal Partitions},
  journal = {SIAM Journal on Imaging Sciences},
  year    = {2012},
  volume  = {5},
  number  = {4},
  pages   = {1113--1158},
}

@InProceedings{chan:2005,
  author       = {Chan, Tony and Zhu, Wei},
  title        = {Level set based shape prior segmentation},
  booktitle    = {Computer Vision and Pattern Recognition, 2005. CVPR 2005. IEEE Computer Society Conference on},
  year         = {2005},
  volume       = {2},
  pages        = {1164--1170},
  organization = {IEEE},
}

@Article{chan:2001,
  author    = {Chan, T. F. and Vese, L. A.},
  title     = {Active Contours Without Edges},
  journal   = {Trans. Img. Proc.},
  year      = {2001},
  volume    = {10},
  number    = {2},
  pages     = {266--277},
  month     = {Feb},
  address   = {Piscataway, NJ, USA},
  publisher = {IEEE Press},
}

@Article{cootes-taylor-etal:95,
  author   = {Cootes, T. and Taylor, C. and Cooper, D. and Graham, J.},
  title    = {Active shape models-their training and application},
  journal  = {CVIU},
  year     = {1995},
  volume   = {61},
  number   = {1},
  pages    = {38--59},
  modified = {faugeras},
}

@Article{cremers:2003,
  author    = {Cremers, Daniel and Kohlberger, Timo and Schn{\"o}rr, Christoph},
  title     = {Shape statistics in kernel space for variational image segmentation},
  journal   = {Pattern Recognition},
  year      = {2003},
  volume    = {36},
  number    = {9},
  pages     = {1929--1943},
  publisher = {Elsevier},
}

@Article{cremers:2002,
  author    = {Cremers, Daniel and Tischh{\"a}user, Florian and Weickert, Joachim and Schn{\"o}rr, Christoph},
  title     = {Diffusion snakes: Introducing statistical shape knowledge into the Mumford-Shah functional},
  journal   = {International journal of computer vision},
  year      = {2002},
  volume    = {50},
  number    = {3},
  pages     = {295--313},
  publisher = {Springer},
}

@Book{delfour-zolesio:01,
  title     = {Shapes and {G}eometries},
  publisher = {Siam},
  year      = {2001},
  author    = {Delfour, M.C. and Zol\'esio, J.-P.},
  series    = {Advances in Design and Control},
  modified  = {faugeras},
}

@Article{foulonneau:2006,
  author    = {Foulonneau, Alban and Charbonnier, Pierre and Heitz, Fabrice},
  title     = {Affine-invariant geometric shape priors for region-based active contours},
  journal   = {IEEE Transactions on Pattern Analysis and Machine Intelligence},
  year      = {2006},
  volume    = {28},
  number    = {8},
  pages     = {1352--1357},
  publisher = {IEEE},
}

@InProceedings{fussenegger:2006,
  author       = {Fussenegger, Michael and Deriche, Rachid and Pinz, Axel},
  title        = {A multiphase level set based segmentation framework with pose invariant shape priors},
  booktitle    = {Asian Conference on Computer Vision},
  year         = {2006},
  pages        = {395--404},
  organization = {Springer},
}

@InProceedings{hansen-lauze:2017,
  author       = {J.D.K Hansen and F. Lauze},
  title        = {{Local mean multiphase segmentation with HMMF models}},
  booktitle    = {Proc. SSVM 2017},
  year         = {2017},
  pages        = {396--407},
  organization = {Springer},
}

@InProceedings{hansen:2018,
  author    = {Hansen, Jacob Daniel Kirstejn and others},
  title     = {Brain extraction and segmentation framework for bias field rich cranial MRI scans of rats},
  booktitle = {Book of Abstracts},
  year      = {2018},
  series    = {Annual meeting ISMRM},
  pages     = {3249},
  address   = {Paris, France},
  month     = {June},
}

@Article{hansen-etal:1993,
  author  = {P. C. Hansen and D. P. O’Leary},
  title   = {{The Use of the L-Curve in the Regularization of Discrete Ill-Posed Problems}},
  journal = {SIAM Journal on Scientific Computing},
  year    = {1993},
  volume  = {14},
  number  = {6},
  pages   = {1487-1503},
}

@Article{held-wolfe-etal:1974,
  author  = {M. Held and P. WolfP. Wolf. Crowder},
  title   = {{Validation of Subgradient Optimization}},
  journal = {Math. Program.},
  year    = {1974},
  volume  = {6},
  pages   = {62-88},
}

@Article{huang:2015,
  author    = {Huang, Chencheng and Zeng, Li},
  title     = {An active contour model for the segmentation of images with intensity inhomogeneities and bias field estimation},
  journal   = {PloS one},
  year      = {2015},
  volume    = {10},
  number    = {4},
  pages     = {e0120399},
  publisher = {Public Library of Science},
}

@Article{kendall:84,
  author   = {Kendall, D.G.},
  title    = {Shape manifolds, procrustean metrics and complex projective spaces},
  journal  = {Bulletin of London Mathematical Society},
  year     = {1984},
  volume   = {16},
  pages    = {81--121},
  modified = {faugeras},
}

@Article{lauze-nielsen:2008,
  author  = {F. Lauze and M. Nielsen},
  title   = {{From Inpainting to Active Contours}},
  journal = {Int'l Journal of Computer Vision},
  year    = {2008},
  volume  = {79},
  number  = {1},
  pages   = {31--43},
}

@Article{muter:2012,
  author    = {M\"{u}ter, D. and Pedersen, S. and S{\o}rensen, H. O. and Feidenhans'L, R. and Stipp, S. L. S.},
  title     = {Improved Segmentation of X-ray Tomography Data from Porous Rocks Using a Dual Filtering Approach},
  journal   = {Comput. Geosci.},
  year      = {2012},
  volume    = {49},
  pages     = {131--139},
  month     = {Dec},
  publisher = {Pergamon Press, Inc.},
}

@Article{muter:2014,
  author  = {M\"{u}ter, D. and S{\o}rensen, H. O. and Jha, D. and Harti, R. and Dalby, K. N. and Suhonen, H. and Feidenhans'l, R. and Engstr{\o}m, F. and Stipp, S. L. S.},
  title   = {Resolution dependence of petrophysical parameters derived from X-ray tomography of chalk},
  journal = {Applied Physics Letters},
  year    = {2014},
  volume  = {105},
  number  = {4},
}

@Article{magnus:1985,
  author    = {Jan Magnus},
  title     = {{On Differentiating Eigenvalues and Eigenvectors}},
  journal   = {Econometric Theory},
  year      = {1985},
  volume    = {1},
  pages     = {179--191},
  owner     = {francois},
  timestamp = {2018.12.18},
}

@Article{Marroquin-etal:2003,
  author    = {J.~L. Marroquin and E. Arce Santana and S. Botello},
  title     = {{Hidden Markov Measure Field Models for Image Segmentation}},
  journal   = {IEEE Trans. Pattern Anal. Mach. Intell.},
  year      = {2003},
  volume    = {25},
  number    = {11},
  pages     = {1380--1387},
  address   = {Washington, DC, USA},
  doi       = {10.1109/TPAMI.2003.1240112},
  publisher = {IEEE Computer Society},
  url       = {http://dx.doi.org/10.1109/TPAMI.2003.1240112},
}

@InProceedings{mezghich:2014,
  author       = {Mezghich, Mohamed Amine and Slim, M and Ghorbel, Faouzi},
  title        = {Invariant shape prior knowledge for an edge-based active contours invariant shape prior for active contours},
  booktitle    = {2014 International Conference on Computer Vision Theory and Applications (VISAPP)},
  year         = {2014},
  pages        = {454--461},
  organization = {IEEE},
}

@Article{mumford:1989,
  author    = {Mumford, David and Shah, Jayant},
  title     = {Optimal approximations by piecewise smooth functions and associated variational problems},
  journal   = {Communications on pure and applied mathematics},
  year      = {1989},
  volume    = {42},
  number    = {5},
  pages     = {577--685},
  publisher = {Wiley Online Library},
}

@Article{nielsen-florack-etal:1997,
  author  = {M. Nielsen and L. Florack and R. Deriche.},
  title   = {Regularization, Scale-Space, and Edge Detection Filters},
  journal = {Jounal of Mathematical Imaging and Vision},
  year    = {1997},
  volume  = {7},
  pages   = {291-307},
}

@Article{pham:1999,
  author    = {Pham, Dzung L and Prince, Jerry L},
  title     = {Adaptive fuzzy segmentation of magnetic resonance images},
  journal   = {IEEE transactions on medical imaging},
  year      = {1999},
  volume    = {18},
  number    = {9},
  pages     = {737--752},
  publisher = {IEEE},
}

@InProceedings{rousson:2002,
  author       = {Rousson, Mikael and Paragios, Nikos},
  title        = {Shape priors for level set representations},
  booktitle    = {European Conference on Computer Vision},
  year         = {2002},
  pages        = {78--92},
  organization = {Springer},
}

@Article{tustison:2010,
  author    = {Tustison, Nicholas J and Avants, Brian B and Cook, Philip A and Zheng, Yuanjie and Egan, Alexander and Yushkevich, Paul A and Gee, James C},
  title     = {N4ITK: improved N3 bias correction},
  journal   = {IEEE transactions on medical imaging},
  year      = {2010},
  volume    = {29},
  number    = {6},
  pages     = {1310--1320},
  publisher = {IEEE},
}

@Article{wang:2015,
  author    = {Wang, Junyan and Yeung, Sai-Kit and Chan, Kap Luk},
  title     = {Matching-constrained active contours with affine-invariant shape prior},
  journal   = {Computer Vision and Image Understanding},
  year      = {2015},
  volume    = {132},
  pages     = {39--55},
  publisher = {Elsevier},
}

@Article{wang:2010,
  author    = {Wang, Xiao-Feng and Huang, De-Shuang and Xu, Huan},
  title     = {An efficient local Chan--Vese model for image segmentation},
  journal   = {Pattern Recognition},
  year      = {2010},
  volume    = {43},
  number    = {3},
  pages     = {603--618},
  publisher = {Elsevier},
}

@Article{aubert-barlaud-etal:03,
  author   = {Aubert, G. and Barlaud, M. and Jehan-Besson, S. and Faugeras, O.},
  title    = {Image Segmentation Using Active Contours: Calculus of Variations or Shape Gradients?},
  journal  = {SIAM Journal of Applied Mathematics},
  year     = {2003},
  volume   = {63},
  number   = {6},
  pages    = {2128--2154},
  modified = {pkornp},
}

@Article{brox-cremers:2009,
  author  = {T. Brox and D. Cremers},
  title   = {{On Local Regions Models and a Statistical Interpretation of the Piecewise Smooth Mumford-Shah Functional}},
  journal = {Int'l J. Computer Vision},
  year    = {2009},
  volume  = {84},
  pages   = {184-193},
}

@Article{Chambolle2012,
  author  = {Antonin Chambolle and Daniel Cremers and Thomas Pock},
  title   = {A Convex Approach to Minimal Partitions},
  journal = {SIAM Journal on Imaging Sciences},
  year    = {2012},
  volume  = {5},
  number  = {4},
  pages   = {1113--1158},
}

@InProceedings{Chan2005,
  author       = {Chan, Tony and Zhu, Wei},
  title        = {Level set based shape prior segmentation},
  booktitle    = {Computer Vision and Pattern Recognition, 2005. CVPR 2005. IEEE Computer Society Conference on},
  year         = {2005},
  volume       = {2},
  pages        = {1164--1170},
  organization = {IEEE},
}

@Article{Chan2001,
  author    = {Chan, T. F. and Vese, L. A.},
  title     = {Active Contours Without Edges},
  journal   = {Trans. Img. Proc.},
  year      = {2001},
  volume    = {10},
  number    = {2},
  pages     = {266--277},
  month     = {Feb},
  address   = {Piscataway, NJ, USA},
  publisher = {IEEE Press},
}

@Article{Cootes1995,
  author   = {Cootes, T. and Taylor, C. and Cooper, D. and Graham, J.},
  title    = {Active shape models-their training and application},
  journal  = {CVIU},
  year     = {1995},
  volume   = {61},
  number   = {1},
  pages    = {38--59},
  modified = {faugeras},
}

@Article{Cremers2003,
  author    = {Cremers, Daniel and Kohlberger, Timo and Schn{\"o}rr, Christoph},
  title     = {Shape statistics in kernel space for variational image segmentation},
  journal   = {Pattern Recognition},
  year      = {2003},
  volume    = {36},
  number    = {9},
  pages     = {1929--1943},
  publisher = {Elsevier},
}

@Article{Cremers2002,
  author    = {Cremers, Daniel and Tischh{\"a}user, Florian and Weickert, Joachim and Schn{\"o}rr, Christoph},
  title     = {Diffusion snakes: Introducing statistical shape knowledge into the Mumford-Shah functional},
  journal   = {International journal of computer vision},
  year      = {2002},
  volume    = {50},
  number    = {3},
  pages     = {295--313},
  publisher = {Springer},
}

@Book{Delfour2001,
  title     = {Shapes and {G}eometries},
  publisher = {Siam},
  year      = {2001},
  author    = {Delfour, M.C. and Zol\'esio, J.-P.},
  series    = {Advances in Design and Control},
  modified  = {faugeras},
}

@Article{Foulonneau2006,
  author    = {Foulonneau, Alban and Charbonnier, Pierre and Heitz, Fabrice},
  title     = {Affine-invariant geometric shape priors for region-based active contours},
  journal   = {IEEE Transactions on Pattern Analysis and Machine Intelligence},
  year      = {2006},
  volume    = {28},
  number    = {8},
  pages     = {1352--1357},
  publisher = {IEEE},
}

@InProceedings{Fussenegger2006,
  author       = {Fussenegger, Michael and Deriche, Rachid and Pinz, Axel},
  title        = {A multiphase level set based segmentation framework with pose invariant shape priors},
  booktitle    = {Asian Conference on Computer Vision},
  year         = {2006},
  pages        = {395--404},
  organization = {Springer},
}

@InProceedings{Hansen2017,
  author       = {J.D.K Hansen and F. Lauze},
  title        = {{Local mean multiphase segmentation with HMMF models}},
  booktitle    = {Proc. SSVM 2017},
  year         = {2017},
  pages        = {396--407},
  organization = {Springer},
}

@InProceedings{Hansen2018,
  author    = {Hansen, Jacob Daniel Kirstejn and others},
  title     = {Brain extraction and segmentation framework for bias field rich cranial MRI scans of rats},
  booktitle = {Book of Abstracts},
  year      = {2018},
  series    = {Annual meeting ISMRM},
  pages     = {3249},
  address   = {Paris, France},
  month     = {June},
}

@Article{Hansen1993,
  author  = {P. C. Hansen and D. P. O’Leary},
  title   = {{The Use of the L-Curve in the Regularization of Discrete Ill-Posed Problems}},
  journal = {SIAM Journal on Scientific Computing},
  year    = {1993},
  volume  = {14},
  number  = {6},
  pages   = {1487-1503},
}

@Article{Held1974,
  author  = {M. Held and P. WolfP. Wolf. Crowder},
  title   = {{Validation of Subgradient Optimization}},
  journal = {Math. Program.},
  year    = {1974},
  volume  = {6},
  pages   = {62-88},
}

@Article{Huang2015,
  author    = {Huang, Chencheng and Zeng, Li},
  title     = {An active contour model for the segmentation of images with intensity inhomogeneities and bias field estimation},
  journal   = {PloS one},
  year      = {2015},
  volume    = {10},
  number    = {4},
  pages     = {e0120399},
  publisher = {Public Library of Science},
}

@Article{Kendall1984,
  author   = {Kendall, D.G.},
  title    = {Shape manifolds, procrustean metrics and complex projective spaces},
  journal  = {Bulletin of London Mathematical Society},
  year     = {1984},
  volume   = {16},
  pages    = {81--121},
  modified = {faugeras},
}

@Article{Lauze2008,
  author  = {F. Lauze and M. Nielsen},
  title   = {{From Inpainting to Active Contours}},
  journal = {Int'l Journal of Computer Vision},
  year    = {2008},
  volume  = {79},
  number  = {1},
  pages   = {31--43},
}

@Article{Mueter2012,
  author    = {M\"{u}ter, D. and Pedersen, S. and S{\o}rensen, H. O. and Feidenhans'L, R. and Stipp, S. L. S.},
  title     = {Improved Segmentation of X-ray Tomography Data from Porous Rocks Using a Dual Filtering Approach},
  journal   = {Comput. Geosci.},
  year      = {2012},
  volume    = {49},
  pages     = {131--139},
  month     = {Dec},
  publisher = {Pergamon Press, Inc.},
}

@Article{Mueter2014,
  author  = {M\"{u}ter, D. and S{\o}rensen, H. O. and Jha, D. and Harti, R. and Dalby, K. N. and Suhonen, H. and Feidenhans'l, R. and Engstr{\o}m, F. and Stipp, S. L. S.},
  title   = {Resolution dependence of petrophysical parameters derived from X-ray tomography of chalk},
  journal = {Applied Physics Letters},
  year    = {2014},
  volume  = {105},
  number  = {4},
}

@Article{Magnus1985,
  author    = {Jan Magnus},
  title     = {{On Differentiating Eigenvalues and Eigenvectors}},
  journal   = {Econometric Theory},
  year      = {1985},
  volume    = {1},
  pages     = {179--191},
  owner     = {francois},
  timestamp = {2018.12.18},
}

@Article{Marroquin2003,
  author    = {J.~L. Marroquin and E. Arce Santana and S. Botello},
  title     = {{Hidden Markov Measure Field Models for Image Segmentation}},
  journal   = {IEEE Trans. Pattern Anal. Mach. Intell.},
  year      = {2003},
  volume    = {25},
  number    = {11},
  pages     = {1380--1387},
  address   = {Washington, DC, USA},
  doi       = {10.1109/TPAMI.2003.1240112},
  publisher = {IEEE Computer Society},
  url       = {http://dx.doi.org/10.1109/TPAMI.2003.1240112},
}

@InProceedings{Mezghich2014,
  author       = {Mezghich, Mohamed Amine and Slim, M and Ghorbel, Faouzi},
  title        = {Invariant shape prior knowledge for an edge-based active contours invariant shape prior for active contours},
  booktitle    = {2014 International Conference on Computer Vision Theory and Applications (VISAPP)},
  year         = {2014},
  pages        = {454--461},
  organization = {IEEE},
}

@Article{Mumford1989,
  author    = {Mumford, David and Shah, Jayant},
  title     = {Optimal approximations by piecewise smooth functions and associated variational problems},
  journal   = {Communications on pure and applied mathematics},
  year      = {1989},
  volume    = {42},
  number    = {5},
  pages     = {577--685},
  publisher = {Wiley Online Library},
}

@Article{Nielsen1997,
  author  = {M. Nielsen and L. Florack and R. Deriche.},
  title   = {Regularization, Scale-Space, and Edge Detection Filters},
  journal = {Jounal of Mathematical Imaging and Vision},
  year    = {1997},
  volume  = {7},
  pages   = {291-307},
}

@Article{Pham1999,
  author    = {Pham, Dzung L and Prince, Jerry L},
  title     = {Adaptive fuzzy segmentation of magnetic resonance images},
  journal   = {IEEE transactions on medical imaging},
  year      = {1999},
  volume    = {18},
  number    = {9},
  pages     = {737--752},
  publisher = {IEEE},
}

@InProceedings{Rousson2002,
  author       = {Rousson, Mikael and Paragios, Nikos},
  title        = {Shape priors for level set representations},
  booktitle    = {European Conference on Computer Vision},
  year         = {2002},
  pages        = {78--92},
  organization = {Springer},
}

@Article{Tustison2010,
  author    = {Tustison, Nicholas J and Avants, Brian B and Cook, Philip A and Zheng, Yuanjie and Egan, Alexander and Yushkevich, Paul A and Gee, James C},
  title     = {N4ITK: improved N3 bias correction},
  journal   = {IEEE transactions on medical imaging},
  year      = {2010},
  volume    = {29},
  number    = {6},
  pages     = {1310--1320},
  publisher = {IEEE},
}

@Article{Wang2015,
  author    = {Wang, Junyan and Yeung, Sai-Kit and Chan, Kap Luk},
  title     = {Matching-constrained active contours with affine-invariant shape prior},
  journal   = {Computer Vision and Image Understanding},
  year      = {2015},
  volume    = {132},
  pages     = {39--55},
  publisher = {Elsevier},
}

@Article{Wang2010,
  author    = {Wang, Xiao-Feng and Huang, De-Shuang and Xu, Huan},
  title     = {An efficient local Chan--Vese model for image segmentation},
  journal   = {Pattern Recognition},
  year      = {2010},
  volume    = {43},
  number    = {3},
  pages     = {603--618},
  publisher = {Elsevier},
}

@Article{Aubert2003,
  author   = {Aubert, G. and Barlaud, M. and Jehan-Besson, S. and Faugeras, O.},
  title    = {Image Segmentation Using Active Contours: Calculus of Variations or Shape Gradients?},
  journal  = {SIAM Journal of Applied Mathematics},
  year     = {2003},
  volume   = {63},
  number   = {6},
  pages    = {2128--2154},
  modified = {pkornp},
}

@Comment{jabref-meta: databaseType:bibtex;}
